0119041DC4111F228C09B4034FA0F75C265:1
012659DDDF0C4C2700C679AAD1C2C48AECD:3
02BEBDBE42B76CD120A6A5002B7B0F019F3:3
0383F74369306E8411C25DD8CAC35CD26B7:1
04002D3CBFF587F803ED7E992BD764FCB1D:4
0470B2BE2222F13CCB98DD5B2CC051E2F4C:5
05519F7763E86981BF0DA3952CC91ECE1B4:9
056713265AC3DD6C92A14E04EF437653075:3
05680CB4DCEFA60797126EEB6E8B5E032CB:12
060951C1646096071EAB27A7BC9DB36E788:6
06937A7A48FEE521EDD6C94964C32798BE0:1
06B4972048B63A3B429F96348061681CCB1:2
072009E7F3B7D73B9EFA570D6F9AE85BA08:5
079DEF3B30976B4C025EAE4403251CFDFE0:1
0856E3AB6CA5BC3ABB147D580EF2CFFE7B5:5
085C6B28C72DD3EB731FA87F0F20F0207B5:1
08625EA52C01E7897718DB9D8656E42DEDB:1
09EB2786D9B2DF69D68494C4837194AEF12:6
0A65F0116A93CD7ADAE2ECFDF8CC000E1A3:3
0AFCC716E543929922424127069D5125CDC:5
0B8CDFB90649B4EABFC79E87393702A09CC:1
0C9F6552CC2CC280DCF59773B9231193451:2
0CBD2A1EA867B506610B541C348468DB685:28
0D1192FC199C8BC9B7381D112123AD22478:10
0D514663A99D9D9169A0DD758C478822A4C:15
0D74545E68F6BE5D77C9A2F11282A06E1E6:4
0DB315FA5331157B045A107FA4839E58056:2
0DC3FCBB4A4CA389946BCBC50C9F091104C:1
0E03E16F6870BB53F27B8E54D1198774316:1
0E19BA5DE9800062D8C456BE0AB35630A22:1
0E968D50ADD8E88656B2220FB7CDCCCFEA9:3
0F68E0FB35D9610AF2AC330E7113882ECE2:3
100A0882C285C3C11365F9E136E7FF69C6A:1
103F7F4D2F256F91E77F52133706DD76648:1
10D90A5F461D906471D65F07FAFC16912C2:1
117BCDD5DBA561117CA201B320466E86A70:1
11964CDB196CB72D373FBF3300551E1D3EC:4
11E706E6C41DF8259B870A2E6F839D30BE6:1
12AB55748B3220E38A2CD4169D2426CE32F:1
12D9B2EFC243567161EF878693E20DE8E7B:1
13704F68B64DE2E0A2FF964F5FC6951EF92:2
13C8D660F402EF1D33EA70A4BB5346E5108:1
13EDFB26338D36C031A04B23A71DD190C1F:2
142E3D7DB231199293AC925A10B60E88E56:1
14CBFF74553C876F53569CAA74F80A935B7:1
151938DDD5F716F3885B670224D2E004F93:1
153399D4099755E71CD64779DC064610D40:1
176248CD82D7669179792EA3AD4A4CE97A0:1
17D161090E436C4F1583A18E5A1BA1C588F:1
17F1C4336EBD5ACF0AD40A2F3E12EF63FE6:1
18B3E25D4DFDCD58EA271E4FF95543E46DD:1
195E19A52CDC8E953379CB228646B8B79D1:3
197F00999348D01D4574B225CE427326ACA:1
19DC17F7576CAF3FD64D890A171C3E2D22B:2
1A5848FFCEE217AD8FFA30BE230448C2F2B:4
1AFA01D0FD753EC82C7F96BDF6D9D6B4860:1
1B96B7D645F525FC320FF9B71954BC78B80:1
1BC653B9E9FEC9C906F37B99F244D304815:1
1C56B4810B5A93FE774C79E2FBD3A05ED11:2
1C6A452BCF57D6CD462413BE6090D19AB20:2
1CDF08F370D53DE2FDCF776512EC98C79CF:4
1CF91CECCCFC3E7CCEF70D3EA820D5EA6E1:4
1E9E9E22AAB068D0F64F0CC1561180F7FCC:1
1EA154FB26ABBE9725A3021B9326E04E03E:2
1F128128A47821BD07C88B709CA0962EC05:6
1FF96E52B8F6F05CA64FBF687DBEF6BB539:2
209E1628279A4C2DAF23C64FBFE6F9057AC:3
20CD3AA566BB5671A79639760F68EE22459:3
215FC2CF56696F599BAB056B173D1D5BB43:1
218545B4FFAFCDF1ADF9B8417DD3BA8DD48:2
220CB83AF6846CF395E26F3367A82D1ED00:2
2324D85527551B307E78E6359680EFCC076:1
23C292D9072F398D04B7ED0589DDF81B2FD:1
23EF61DCEB341E61689A0665E0E1A57B6F8:3
2496B6B6BD2DC1A8298A6DCEAF2BAA3E32C:1
24CF4AF64A9617619C5D89ED71E4A2DFDE4:2
25E7D4CC6A0388E0371B547CD8C8BB3CEA1:3
26035107CA2D08EA381E9A11A6D7D9307B4:2
268DDCA4FCEDADE19FDCC6935925B48D6E3:7
26A79453EA9BB2CFA98CBF6BDDA5EA25CCF:2
26F56337156F7B6AAEB1232AAE67661E846:3
2735047409436AC63E8D226DEB18FFE63D8:1
27B5087F829B093290B9C6DAA6400F4AA21:1
27CA957AB4A04655AB4605E6C1392F271E5:5
2809CF291A0ECAD98EF0BA9534138F8515C:2
2848C6A1864CA9094242553A15B5A87D823:6
28DACA1A2B2E4BFB5986399116D1662B953:7
28FF96E0AB73CDF6564F9F7ACE2CD89A9F1:2
2943F64EDC61274A56890B2FAA9E58F93B4:2
295352BB9E1F99FD8B62CF2DFA7AEA46C25:1
2970FF7F23FEE34209E6FA95E2BE70CC061:1
29BCFCBFFE8A37B581701454F5A2AEF3FA0:127
29FD24204137CB6B0E6816392C2621B1802:2
2A00A3042312926302BAF9C33DCC6BA29F7:2
2A9E4301F842E835327FA9DC3C52BF564FC:2
2AFF72DB9B9B929DFAFB41F1F5CA4EB20C6:4
2B74023CD7340BDAEB16502646947CC3ED7:1
2B74256029443C25BD7D8A3F3E1573A5CCC:1
2C55E7257837403BF1D66FE90090E94AADB:3
2D116ADA9B431D056F0616FF1D3C423822E:1
2D22EAB277D87E711F32692C118C78ABD4C:3
2D546B531184EAF12151582C323C82714B9:1
2D9E03F781C144628516E0751ACE316667A:2
2E77B1F526CFE64C1ABE1E656FB50009FF1:3
2E860BB5CD46F800A331537A7C70ACA1707:3
2F19F99B670FB1A33D37FC753D3C41C1034:2
3046B54010606D7DCF6B34D3ECBBB8F4F77:1
307A0C120D5A8DF179F8A84AB1502EEF5AE:1
3089DD65444A21BC235CD87DE231643C357:1
30E386211295B4AEC4E68421E67486F38F4:1
314CE5A5F2CE8D898D0D80F54C236065967:4
32413216B13277F52C12085FE41991A4A71:4
326395F4E542A114F6A709F9495B75A1D2E:3
329B8D9D7934113BC296840CF7E1F190EF8:1
330D11506EEC510E12AF031F8676EAF3F99:2
33343B25D22B19B4EB7C86F1BAA9AFAFDE1:2
3364708F11A5D096B3A843743913EC597C9:2
33B57E146D317707821DE50520F446CC822:2
35919601C24F37C998DE6DF93DB2E9A3EBF:2
36839167ED080B8DB246C61C5D8E6DC7462:1
375A25C8596128D20E6BF20DD06E1783C9E:1
37BCC9FCFA527B51183BFF5763A72795377:4
37FF3DDCE95D4890B22590DD589F1A8AFB4:5
38816EF8856D679089FDB7B6A6CC5A5C0BC:3
3958ECEAB0AA921D1A0A6710EDF9B9B6EC6:21
39BD8E9EE72A2CE2ABC97212146F0B67BE8:1
3BDDB8BFF4210BCC1162F7CB21A9E275D76:3
3BEE8C94594A8271CBA876F8F6304F7F732:2
3CCF9C3361288E61D1EE863ABB590CB5C42:1
3D0DB200D935D3D27F5AB5D3FFD38CB1CE4:1
3DABD0CD5D128DC94013E9C4CA46547F307:3
3E112B9DAAE70C48A762D84C2A471143504:72
3E2B32DFD37ECA452B0D70FD7C0322ABA17:2
3E3658F44EB2A53C686A06F22179F500154:1
3E8DABF76C91DEF1270719340CFBA8AC904:1
3F174198EB44DE5C5EA632D2F2403D8F4EA:2
3F65799768697737FB7BF80006C18FC2845:1
3F83EEF1FD1BA509288BE7E1995CFFB2D15:1
3FC0683D8B41629091EDECA615A2D706AAA:1
406927968BAC8D1176222E24BD73CB1975C:19
413052BBBAC46CEE6801048FBF1D0564303:3
427B11A3275B587BCA688A08B0FF9E417B3:3
42E3E9091781EAADF9CE3428586ED4E989B:1
4321CE84972FFF598E7BF3D80FA5C0A118E:2
43384EB71E59B59D0E509A4A9967C2564DD:1
43D34664D60483F30985AC0B2D194444EC5:2
43E6F32B6C6133AE1B88068B2DA6502C9B4:2
442D103E12F889883F96BEF9D43BA438391:2
44E93113874C03F8E5488A99A185CD8ED6E:4
4518607E7F419E20916F1F59F2A63D8E250:3
45BD9E780B0A700BBF804CC0C152B7FB1A2:1
461884B3539DEF32FB549155F5D266EE3FA:1
461DB579457613E99C0739406DB466ACDC7:8
4621D25F9D22CDB26784BAF2A13AA51D05A:1
46C26D395E3776A5F6259097BB6870B4906:2
47AAD7F4C6B526876D068EDD40C1C56C966:3
49097F2E1DA3838275FCC867F932D6F16F0:3
4949E262E83824EFA9A5531CE13ED89829F:1
49AC15A01C82F0D4000966B3F23E3E40951:1
49F4AFAB9AEF7A9AA694CC47C4C32849015:2
4A0FB579DAEEC9CB2FC912FCEE6F087ADE0:2
4A5196E84AF475550795AB80130D363A772:1
4A59E8047DB2F11444D01AAEEE008F8DB4A:2
4AFE0B8079778471EB40B11EE3A11F84E72:2
4CE35D8A9326B46EA87C9B5CD9211203895:7
4D9AF374FE797FD826C6D73F4820CC0C228:5
4DAF1D306A669BFA85F08A9458E89B93224:1
4DBD306DC01229DDF35AB0BD250C4964945:1
4DE0CDF595DC86FF8FF3B5612DD4E6EC593:8
4E472D88E38747E32A62AB9505A4D57AA68:2
4EB698FADFA0A1D67824A473668F53F3496:1
4F36738F4B8DFA07ACB4CDD2A1EB0EA7A8E:5
4F408B62484A4F150868EB243AAC76495DC:2
4F993B7A56EEC876D49DD6914821E6EF9CD:2
4FA4BA7D3D387D34FA3D64388E6E3EDBCA2:1
51AE97005549A93E0D215DD9F7597EBB271:1
52324614F1C6424675EF262E4490CFC1A1A:1
527DCFB75D094CFE717584A14E39345B57F:3
52A1328252F4048D1BE38BA89A4B6B69389:1
52BBB2B34139F49B3BC835B82567CF2698F:1
533604564B4A4CC4C5D266EB3B2D0CB35EB:7
537903768184BE9BF5E2AB1257720B427CE:2
54227DC860427C187F8646FAA617505B3C7:1
542FBC434664781A70E212F4DF14206F4AD:1
54816A9DB47424579D9C1112E53421E1D87:1
553F23CADC02D2EA1A537711DACFF53CBA1:1
556819EB5019BDF239DD1B84379D0742646:1
55A029627CAFEEC6B178221A8DBBBBAB264:1
55C09F212BCB025328A0E21A7C63223EDE0:3
55FB7B404605CD314F9609B3E2ED9A25C8C:3
568D7363459C3BAA54540798A4179A6BB22:4
58DC485539BA2BEA2C20A2F05E21A19F0DB:4
594296817AADEBC25BF92DDAA2E97693F7F:4
59A5402A423A13F3EE952CE84A72E951CCB:1
59C2743061C638D8FA452068F0E2170C4CB:1
5A3606A2135D984A9F6D5C087935DACE289:1
5B1E1296EC1FAD1B32D20CFBB007858B301:2
5B1FC7ABECB5CF277B4924B74CC038C8F7A:2
5D115AD007D2804D9AB2A873FFDBE23FBAA:6
5D4D124FBC5AA96A2BD462C3348170962DD:3
5D52E5299472BD7B3B3536030033B483A15:1
5E65C1ACC002BE560CDECE0E5DBBBB2AA87:3
5F8D5C5E557925C98887A09C7FA8B705792:2
5FA6A672179348F3F5852B2E68E924A1EB5:5
60841CDEC9C33D8675550104015513B4E08:2
60FEB3C261CF23981AF3CF8821BC2847E9E:1
612BAA949151D8F20F818E32AB9BB3A46D5:1
61317E20E999E8933EC42F20B8DF55453AE:1
6184A67C4E4E89B34D163C1940D76CF6875:3
61AD248F735A5FB6BF7EB53CF97E79B63C0:6
61F07261B55215648B276F006110C182B0E:1
61FD28C4F3840E1EEFB0C87AA0CCF2C0F7E:1
629DAC31A3F86290E5DA7741CD8E57362BE:3
62C03AA5BEE579BE2995CE973082BBF676C:5
6303777964B2E583D422288F2BD5E71C1C7:3
6391D35E1E31CB83C6C2083A82D5FAD04C6:2
63C7F97EBAD55D83D738A50F92EC8CCD526:1
64835E4260296447F1F799235587EB58F08:26
655393BA16AEA437686676E53E49F9519F2:2
65C612D782C6B512B226D3959CAF3714D9C:3
66EAA8AC1742F5AED9E2CFF82C848B2486F:1
6724C0CE3E6A81513D8CA365181E8470755:1
673BF71387AB73F1E8F53A40DB5A592DA65:2
69C01823EDC1533D74368F62CD11F8095FC:1
69EA3BC2FA270AA88A1D7C0179C0392D547:1
6AB18387603E1555A0CC3E9B7BF4432DB36:16
6AB751EB5EB7A7D9DFC89867E3EC7911AE6:1
6ADAF04CA9BA1ACF50177BB78BDB009F8A7:42
6BC6EFEBA8916157F7D77B56BA24549005F:2
6BFED4D45E1E678899F04EA181EDE577EB6:9
6C23EF76FE266EB1E87D505BA9C62989144:6
6C5D4357F9131F4431074F4A9D87F3F80F4:3
6C834EA3B0481C770C79A96DC13F3EBA3DD:1
6CF9E6F297406DAC7FE4458D86E82069DC8:3
6E4880D59B48CD255B1A081AA7B6621ED10:4
6E5D216688163D4FDCF8EEDDA53F02548AC:19
6FF07E26052CD8BBE1A9FEBBF69ECA2FA03:3
703C62B6786CB1373DDC62F5455EBF57C4D:4
705EE767B9EBD60D4C85AC14AB39C9F4A74:1
706EA934F8AEE86C79AD67314B86AE49D5F:15
7137A9FD0CBE65B0DF3153785235A8F7B9B:4
714DFB623ACC2A476561328F483ECC0F6EF:1
718868C7F1C6764A35E690E736AB725945D:2
71D63D1431F6A24E2EAF1B2D6FDBDACE718:3
723317CA794BDDD134985687949F7A36ED0:3
72B8C47DDD0FEE360FCB0005FA4C690DDEB:3
730C15F87C26545D5F1278D55554905BD2B:89
73ECD88A10EBE8C9808E628C9254C675E17:1
740124B2506AF33773CD3B75771F2EDE909:2
748C0CBBAA69BFA999BFC70D05C6DF20E6C:3
749A20E9FBAC2D5EA508163CF202C1B3658:27
74CFB97E05D2711DDBAEAC86CB10DD8CD87:1
74D77FD25ACA9B98C6CB3CE9A9F8062F475:1
7538F29BA6E3ABD244C74D268644A281EA1:4
75B90F9BED04B7D222826C7D61F6136E8E8:2
75E1CAED023E96E900A7E69D17702DBBFB9:2
765AC8452A8A31C31CA76B13FF61B3DBDED:1
768A08A4607E5E8D0E40AA84191CE1AD43B:2
769349063DABAE5C69F51C592A88E903CE4:1
769F74A78232AEF20A6C1A5ED4C46D32FC0:3
77804BA70E8046FB7F8ABDDB1EBFFFC082D:7
78493A145A6041FB266060A74BEC2F7523C:1
78C5619F3F5131B613AE2780E5F51C6A858:14
78DE9F18F85D216BF40E84AC76A9AE48D7C:1
78F42FCCCB1013374FE3B5D7A5542583953:1
78F4E61CC5B6DB10833F0C69D90AEE1009B:5
793E0CD3D15B3B668E285C67DE58748A2B4:3
7A8449C9C2E8339D116A2FB1CD4A17E44D9:1
7AB4297811C3E15A38E3BEA7B54DF865AFC:3
7B049175FC4D4D0047A9AC891952528625D:3
7C0A741A02B05D8188E3B8A29C92C2B0EDE:2
7C356EA7E8A3755D51998EA6422A16FD022:2
7CA5C85B5DF4ADF407E85ECDEB3C9E7AE4E:2
7CF905BB560FD767558DA7C5AB8CA96D0EC:1
7E5C6940C6FBA2B06252B4F8F7F8F952558:6
7E7EBC613A7710A7DB78B50AB31E3B68794:3
7F0C2988A3B2BC1AD284F5EACDFF5270917:2
7F3DB5387D4FEEE88ED26A60A15A85C35BE:1449
7FEAFF4F7D62C4624747F63069A8E6999F2:1
80902CA17D545EC3046234F44804B0D223C:3
82ECD52FC0F5F56E4D0B38C0CDBF5B27A77:2
832641165C5058205DE4ADAEDBFDE542A0D:1
839210AF921574FFDD7F01C775CBAA45F81:1
83BE6ACC67373850A5D4FC442CED3411FEA:2
83D6C394F53D134A09FB861873B05A09C37:1
83DC1F06CEA79F5ED101514227B2C7A2C30:2
847C2AE1259C788273FF2216F9D9796AA95:13
84A0FC3B4462FBCF9393D5B8F4BD7249793:6
84FBBDF8EE35E3BCA72C418927A15046C76:1
853E1345A762388F66A9A48B2AB9728527A:1
8542B9876791B247F848D5895F17404220B:4
856508F7F5C077CB2A68875DA7153C4249C:1
859A6F80739170210B399A9040D6EBDC599:1
871C3431E36AF9E9295768A2770D2210C8E:1
879E7199460A7BAF5A2C90139738F1F5428:4
88185DCF09594EE5DF5882D318A38309C6F:6
88DD5C2660CC086A286969927ECA0335413:5
8942E218D7CDEF60406FE88FABE86D38510:5
89805402920D405E7394C8871095939AFCB:1
899AF645BA6D96489D2CC9629F1128321A6:2
8A219E0B56FE57B0D74834A0A7A8B1EF6DE:2
8A272B816D280AC2E90E1993177F0A4A26F:1
8B2AC28B86408CEC40FB64651EB1326B0DB:4
8B2AE8E6AA45DC2A9857F30EF4C450601AA:1
8B83537A046823874D3F0D67FCE4A4403FA:1
8B87757A9E7E0AE5F9649BE79E281D5B9F3:2
8B978AE4266D879F879E5245472EE2234E4:1
8CA28C71178F6D66419AA9CFFFA36134BCA:1
8CE8602E7A6E680069EEAFC2F1B0B35F4F4:2
8D42F8756EBE8C214067E6B3E1FB8E81B32:2
8DD54E2391DE75E247D237DC9CEEA27A5B1:3
8DE58F872B9F9419060DE9629F349285194:2
8E4FA6F67510C8C6EBDDD57669F7813393C:1
8EACAD8CA17CD36EF30EE381F2082025B82:2
8EF1F8DB2687A72B5C9FE30F946F08BDB46:1
8F8273F2AB971D6CAEAE39FE9F6A66D0875:1
90A600E6A14CFAB2C78659244CF1BE67D52:2
90AD8217FB21167672D648F9573C8886D41:2
91048AD43496CE2B5E7738CA3E59D46FD38:5
91568AD885D7C34C1D57F947057595D5E9F:4
9156FDE7B87514B32B8A48863AB9FAE24BB:1
916C90782CEF6E8BCC9E5FBB5F8E25C5203:7
91BA408C01282000F82F68FC4CA126E3DC5:2
91C98755F1EBE12AFFFA4B84FD3B9CF4287:1
939E5B3CFC4DBD34A8C2BB7CC83AE0B73B5:3
93DEE908C48CFEDA86E8191C105ECBA676D:3
942B1C02AE39A88890C5BC3DFA4C1FA6118:3
94D5C752D04D29C684E8BE4EF9742EE2A7E:1
956A8A1AA6996ECC5B9FB24EF937FBC0605:2
95F258F0C2220232BA6A30D243434CB1022:1
95F54BBA353066E765E5AAA9ABD21A6B0C5:145
96270D98187FCED5CA1CE0E344110745775:27
9638DD7A10386E8CFE05D26DA95098E2CE1:10
966B47A068816337D43B92C9311A29DF327:1
96BDCE2AA34A161E21B4574D0A071F99DC3:4
96D35BC6369DDBF5B05850D9E6D498A8402:1
97F483BDB17C9F19EBB7165E0DC37AB5246:1
986F5A47D3FA0300ECD673A708A02BDADBD:3
994ED0C7444933C6CE0841A6CCD00F93841:1
9988CC40F77D782B62D3DD2C17BFC9ADBF0:15
99A4477B4D1DEF7F1413BD187A8C2204E5B:1
9A0F02D3A6744021DE562E5A4B56355BC50:1
9B4F47C5CE4042C5F5B72A5A21EFBB17934:1
9B5E4CFC20F605B8DCDD9FED10E615B9438:1
9C325DBF06F7179603CB1878A8A3077505E:2
9C75C3EB3F72BBB36CAC484513D030B2CFD:4
9C99AE5326F770AE99C35B779A1EFB1B334:1
9CD5F1164C0B1AA0DBAA4F47E843E42C54D:1
9D27D1107203422E2A43D9D8D5AE642011C:5
9DFF0792242E46B58577D378E841B652580:2
9EB432FA3A596E050B5D744D725530888FA:1
9F0116824FD9D956D2D9E0FC21D851FBCB2:5
A008A12CBF00433DAD8DF8DE2F8C62C1392:2
A08C2BF3CFC4385F996F9CC5693FA3325AB:2
A0D8D7F424216DAC33D9A5A0B010D5B6C11:6
A114A8BCFFCECD02E4E30E64C96383D6759:2
A19F5887858DB9B055EB67151EA9D2318F9:3
A227DDE78C7BC9274647CE801E6CEEEA1E2:2
A25904C2297DBBD6786734337EBC3E2EF13:2
A2CF834801C0F1FDDDF8562497E5414BF68:1
A34229A6ED695BD1D6FFF05D7DD16D749BA:1
A34F84CED7C330B0ED1A0256FECF54EF802:1
A3F88F86CB833E3A3B0462E9CC55248178D:1
A3FE104BBDD40F1DD840A3EE91BCEC9633A:3
A419EE7718F683841D396BC278007AECDA8:3
A48CAD20A0656A87D16268A6D3527BFC74E:11
A4D27D52CA2FBCACEAA27691992C708A782:4
A533AF1E3FF63A16706AB4B2B45E170FBD7:2
A58ADC7543E1026151F31705364CF64D074:4
A64DE42DB4223FC5184666D26DAE34ED403:3
A6F04775FF99D6AEF489DB0C31C61359A20:1
A6FAF0E7ECCED53DD26438AB010EB1CF248:15
A7340EACB9428E895B51A396A6CB307A558:2
A81E208ECAC1446097282C91F7BC042C4FE:1
A9911713093647D108818FA9EB60EBD0272:1
AA28D31DDFFE44A92A3BCF148F616C5CB18:1
AA744DE3A43575CDD5AF490A76943A2C3A6:1
AB88F9E1367ED370136114C1B96FC9C429B:3
AB9AF6EAA08A335217FE69AD6116BD7B21F:1
ABF32D5D84AD7FF9B8A172910FCD03CA8CD:2
AD9BFA7D026E10045F4D602BCCEB00DC072:2
ADBD04338A0FBF71760836DF40BD66525FE:1
ADCAA45C962E660B6B983D346F76531E379:2
AE98F7086BB249F42E39AA2534BF3EC5F41:1
AEBB06235A4EEEA461825927A87ABC6CD54:4
AEF6053761A791B9AC2DC1C84A529DF0C54:2
AF2AA81BC82E402B2238E7CE840A1E11B20:1
AFCDD0DDA7798C00D0E484E40752F758256:2
AFFC5D2D9D6CB44FAAD73F9779C18D6D43C:1
B0967FF69C39E998C1F34EBBA641D80CD91:3
B1222C073BBF4D63105134B22EE88B8288C:1
B148D9F6DCA2326868229F6492BF1E141E4:2
B16B73320CBEEF1C08B473969CF4C318A03:12
B1F441AB3ECC4BF72D39955F85EB8FA9DA1:9
B22FA0317BA5964EF7E00414CBFEE1FFC4C:1
B2413664421A18C35D49BF239B830A4F0A5:1
B250CA886433104AFDFB71F98447036A0B7:1
B25961091E33DC7808F5094944120DE686D:2
B270A5239ED04C7422223C726DA3F3D3A72:1
B2F3758978FF6055BE54958C0FBA1A9EA08:7
B31DD641D5646745589E2103F4A6B45B6CE:3
B381EBE898228E316DE0586664F80DF0D35:2
B3A05C1F24DB366C835A886B36C2F8785D8:2
B47C1985C80ED569961FBB3F4887D2F1ADA:20
B495E5A665EEE9F307725BDFC8A780273DF:1
B4D4DB2F216714EE1861592F8A93CE19490:1
B57493372DD68F9F6DD5C8E51C804EB637F:2
B5D1CD90B7A9AC49D2599149D8813AF1AFE:3
B5E6B605BA0E345A9D7F108EB66D6F76A40:2
B5F21AAF506ACC020491FF31A49B8A87150:1
B6ED866AD4FBD5792B50FCA5FC0ABCB2A71:1
B74BA79FC27025579D660DC820476105EE4:2
B784F483EE7104286C2504F830A4E8B3FB9:1
B7C26276FD9289470E14DB98C7CAC9819BE:1
B8735529E7DC2032F53C57685BD2410BD29:2
B8D44EE2B72D04A703ABCFD5998CC09157C:2
BA6C09B6E7E99AE5A75712C3E1FCFC4F0E9:4
BA6CC01E9B06572B6E3D0F3EC524E460D6A:1
BB1ECBD52BE3D5EF07C548406C2B6954C90:1
BB38E0FE070BE597D23E5493B11454A685E:2
BB593416116F477AFDC5D306D2539F614BC:9
BB754BF3D9072F1F9A3CF01637035F3D506:5
BC8637BEF6A415A7E69C8DCDE7339BD0B69:1
BD25BF338CFD446028B24A0069B6BD9EF0C:1
BD9EA48A33C4A7388D9C747750B7FDBA665:3
BE01D7CE8B32B59542EE4EC061BF969ED5A:1
BEC06D25CEAA68423208A30FF0581B6591E:4
BF517BEE905AF63362D5E62E58FB17D077F:3
BF69A0FC2F186E78DAE139D639BA4CE390D:1
BF77A3A11743B0B22A51DD4298EFC6B5F8F:1
BFA8D2FEE69953CB269FE3A0C38ADE7BEBD:2
C1067A2427AD6EA0B5C1D86DEC80892ECF2:2
C1A1C39C5F0DC6442E43D32B2737EF8E05F:1
C1DD7EE8476443A4B624B4CBF250374359B:7
C23FD03F03BD055BC2DAAB9E9D58E387A72:2
C2CC2D4FC30F224FD1332573BDFF5ABCF41:1
C34D7D9F7DECD20CCE4E9226F6D9488E39C:2
C37B0A0A251242ED09F9CD350551C9E5D5C:3
C3DFCCDCF7430E7B410FF2B15E3F6D73F29:2
C4570EEFFCD402DA21750C8A55B4C72808A:8
C4BBF1C6F73108F5D051425C91F879C4D5E:3
C4E0B81D7B23886C3346A3BF919F9768B10:1
C4E33DB1664D9BA0078DBD6C3937703EEC7:2
C5222255B32D73F7FBB02593B42329AD403:15
C538990729B86D5FB90CE6E61B5ADC93B30:1
C599CB82B2ED84FD58E2579E4CF97B89BE5:1
C5B017C3154EC7B876DBD92C0F5542445E7:1
C61DBABA591FFEA2CAE5D5466994A7478FA:4
C68A350B4F7B166B4B2772639D009FDD252:1
C68D78F9168D320CB598D52B947539945CB:1
C7070745F60013879D7B2EEB4C3FF5B93C9:1
C74D47445B279F247F1830305CEEA4C0D11:1
C8AF543DF1096958739E273DC3112ED9FE4:1
C8D7EDB62ECD17106D94F6577F7E6198D57:1
C90A20FC4AC34B45664E1AC581182B2DDFE:1
CA1BC82FF444E8901EAF04EEEB9A4D6EF4E:5
CB9B7C6B2ACB85301BCB77F6290015CFBF0:2
CC0AAF6E4C5D80603FC3DD232C7B84C1D3A:1
CC0FCE24C6485574EC9497BCC3ACEC97480:1
CC9FB540DFBEDCB5DE0C97D52C6D5288475:2
CCE7403A8139FF59D781D39538B774EA858:3
CD22272571E9C3F213C352B88E3C68B2DFE:4
CD408046A578A94CC6C08F769F160363C2C:1
CE05890476A5201FE99741741210F4FAAD6:1
CE14E8706B736478BEB4AAA4EF39978AA60:1
CE3FA0398CE216C2C3AAD2174FE2478E083:3
CEADA84F366CE558577EFCCF7A3DDC5A4D1:4
CF20C7BB8FD7DACE8537B060BF6FB58527F:9
CF3F6E44249F4BD50E41AFAE6C8BB0B57EB:2
CFA8F9CEC02AA33DC46D9682EA6290E8848:2
CFD6347B3B35B04EF52625350AC296B4E4A:2
D178FD18209D357800DEE74550BE4CF2E16:2
D1AD1155A2CFA0B25C9E3411D7052CD8255:1
D237EA9A7ED1A27D2AA735809F27C920342:3
D30E0973FD4F9E6510E2D18ED5FF9CEA59F:3
D38FA489C635B759B41BF528A1D64E43A60:1
D52892098B43BF0BEFA5BE78973C3EBA6D4:3
D5ED3460D49EF41EEFFB32EBAB7CCFD4CF2:4
D6641D477CCA2546A133E96B761E27540DB:2
D696311DBB87F0A761481191DA5EF40FE2C:3
D71B127EEA748B0300843BFE53F717AA8FA:5
D72F8BF2E5DB1C16131C13636833D981E1C:1
D7B54EF1B413E8237F24D858A3641E4652B:10
D81FFCFD99016CD503D61583CF068F02BC2:1
D9E0DB4C727BDEA5F6388655F60BB069483:2
DBC7458A0D690B39BBF1C5D14797A2F1F54:3
DC30FBB55A418621682F88E41F1566B1B9B:2
DCE71862C95FFBF1F2960DB735CB13C363D:2
DCE8DB030D14C977232916521820F7188C4:3
DDCE268C4E2A4542CEC71F92E4886902383:2
DE83237C2A447E690B7B9BBC3BAD6C9851B:2
DF2929223010B6C201BFCC11F40DA57AAD5:1
DFC55541F4341EA7DBD7901D31606E8CA19:3
DFE6A3C98587EED295BAE366A5C10E59AA1:4
E01606A16B418A7E5496C2F4F3D8681F238:1
E063B5FAD2591C779F5A477EAB75C8D275F:2
E0B6F6B9A7863A3AD91F1AA7F033D9161A0:2
E0D9F63AA290FCBCF849B4A6D119FD8BDF5:3
E0F020349A5CB5A268648CF1A7679EE94EA:3
E141E31067BFAA2B8FEA938D5843C27CE5A:2
E15A75B442B454621F6290F4159BC5F8E55:9
E43B7C4422617E5192EAD8F800ACE328E02:3
E48DBDD675B7EF3BCAA7E5B31A088A9F495:2
E588D800426B0DFA7F6769FF368912554DD:5
E6444065857421E98F9C2365AEEFDB38B1D:2
E69262AB9305B1E0B4037CD413250FB20D8:2
E7167FE679A9C0EF1FE8C2B93F95DE1E926:4
E759BE784E95F853C5AB6EA0888C329C00B:1
E836CE00E980C267FCD7E58C7217DEEA80F:7
E876A5C8CA3BC73D2E47FE89F8AACAEB339:1
E8BAAF231F5A9EF3F17E332150CFEF6FC79:1
E8D6B1C90E0FAFDC6AD08E587678B49ECF4:2
E948F067146BD342D5B38213B05A4348C20:2
E96389BE8250D6D2384C177DD16905F2EB8:3
E99FA1330E136B20A5B315C6BCD0464E426:2
E9AB00114DC4E12D08BF58B498B4AB15EE7:15
E9BF159FD24F0B8FDA3454A68416EBF7BED:1
EA5B87EFA9AE829BCB30988B70E6AA2C80C:1
EA6031356415A90F885525860F5B0B1AAB8:3
EAE6A87A60AD37823B4B317C4CCEA0E369A:3
EB15014F21A3170746C26765705375FC61F:2
EB7E2A341224255A5EA4F345EB33F7A1890:1
EBBDCFC1C8073BB979C7B62BFF28AAB6BDD:1
EBCB37CDDE7AB4B9E9F799A4ECEE3A5C259:2
EBD8C662FB564054E373B1D5A5EABD2D0A8:1
EC3CEB8CD3F7F0FA89CC8CD0D43EBA38D83:2
EC5D15F34106E9A2CBEE717937A0DEA4580:2
ED7038FCC4D18AD2DBAF4525341B7118224:3
EE16A7BD91FDDC5161809B03E77BFA1A9FC:1
EED533022DB1C58BF81266846877DA8E06D:11
EF3A4590CE5DDC41175C56481FE003901E3:3
EF8FA7EC55FA674D602475CD86AB83A83C4:2
F08C3842B77EAFEC68E279D774532BD492C:1
F0D06E161A112EAA00C313F461B84145660:2
F2447C1924A0AB5E209E962B9E09FCD6E58:2
F3632B2819520272AE1D5F899B282C8EC50:1
F37531E315B1E6D6C1F738DA015D2EE2E33:5
F39F4A54E0642D40C0B55A7360E2B172416:2
F3C1C5F343F9D2F951A46087811D178F75A:5
F45DCD5CCFBFA4FCACA61E6036A4C7D3E16:2
F4B06F58A0E870ACE8D42253D2596F57319:1
F52F4B4095C9FFDB500236F9778C8E0D83F:2
F5912CEC761D83F1CECE196DDD423E45017:1
F5B80453C87E7BE6BEA205F5100C780DB82:2
F5FFBBEDC65EBE4008B6454EF884267CF49:5
F6EBE7476B807A9EBD8D9A06DF493ABEA57:2
F79C023FC472E5AF31B880F74FE0D25A9F9:2
F89636FC82F70A373A50654CCD6D72C5F9C:1
F90085B8991311909219DAE86546C275C9F:2
F91BF1FE48DC3259220BD524B232BA286DE:2
F9C1F546B54D5D0D39559C549FE3096536C:3
F9D7BB2584A73171E84B998EEA6A393507C:3
FA341765BD4A09E0A24CAA0DFFF62DF6707:5
FA402B13D4D43FDFEEBE0271409B683991C:2
FA60894BB37B037FCB02E06A8AA727819C2:6
FAE54B8655136606D32A0D0E687068BDD93:6
FB58614667BCA60E2CFD7199EDD3F06D878:18
FBCCA8836A27A47E7FD81C847855989B414:1
FBD464CF5360539941392124888F9BD34B1:1
FC0B85DCF8F61D8F23D26FB5D32158E53AB:17
FC0D21AEF8549E191F943DA546A221C5CBB:6
FC1DCB8639D33125E22186AD9FDEA841138:1
FCBEB84CAC32C67E9D2BFE9E95FEA9A2DDB:2
FD00C691DCD7C81940E212F17812678F50A:1
FD979625C7C96D15A3EC9CA01F1D209B897:3
FDA83E4D7621CAE4CE187BC93CEA01D234A:2
FE2DFCFE7E12FA4C6EA0C3503CA66F0991F:2
FE97A28D1240CD2A5BFED2F87CB4D0C6114:2
FED0919127B7D40DACFA5E1D0C2559CA7FC:3
FFC318DBE29171FD40AF9F32A32A0E0FEB0:4
FFDFF87A2B1CC7CBEC5F849CB0ED63C8D4A:1